<?xml version="1.0" encoding="UTF-8"?><record xmlns="http://www.loc.gov/MARC21/slim" xmlns:cinclude="http://apache.org/cocoon/include/1.0" xmlns:zs="http://www.loc.gov/zing/srw/">
  <leader>00526cz  a2200145n  4500</leader>
  <controlfield tag="001">n  79109442 </controlfield>
  <controlfield tag="003">DLC</controlfield>
  <controlfield tag="005">20000415151803.0</controlfield>
  <controlfield tag="008">790920n| acannaabn          |b aaa      </controlfield>
  <datafield tag="010" ind1=" " ind2=" ">
    <subfield code="a">n  79109442 </subfield>
  </datafield>
  <datafield tag="035" ind1=" " ind2=" ">
    <subfield code="a">(OCoLC)oca00341339</subfield>
  </datafield>
  <datafield tag="040" ind1=" " ind2=" ">
    <subfield code="a">DLC</subfield>
    <subfield code="b">eng</subfield>
    <subfield code="c">DLC</subfield>
    <subfield code="d">OCoLC</subfield>
  </datafield>
  <datafield tag="100" ind1="1" ind2=" ">
    <subfield code="a">Dorregaray y Dominguera, Antonio,</subfield>
    <subfield code="d">1824-1882</subfield>
  </datafield>
  <datafield tag="400" ind1="1" ind2=" ">
    <subfield code="a">Dominguera, Antonio Dorregaray y</subfield>
  </datafield>
  <datafield tag="670" ind1=" " ind2=" ">
    <subfield code="a">Larrayoz, J. Dorregaray, el general enigmaĚtico, 1978 (subj.)</subfield>
    <subfield code="b">t.p. (Dorregaray) p. 15 etc. (Antonio Dorregaray y Dominguera, b. 6/11/1824, d. 1882)</subfield>
  </datafield>
</record>